@misc{investopedia,
	title = {Investopedia},
	howpublished = {http://www.investopedia.com},
	note = {Accessado: 2017-06-20},
	year = {2017},
}

@misc{blue,
	title = {Blue Max Capital Broker},
	howpublished = {http://www.bluemaxcapital.com},
	note = {Accessado: 2017-06-20},
	year = {2017},
}

@misc{glosser,
	title = {Glosser},
	howpublished = {http://glosser.ca},
	note = {Accessado: 2017-06-20},
	year = {2017},
}


@misc{data,
	title = {Datascience},
	howpublished = {https://datascience.stackexchange.com},
	note = {Accessado: 2017-06-20},
	year = {2017},
}

@manual{tay,
	Author = {International Journal of Remote Sensing},
	Title = {How many hidden layers and nodes?},
	Year = {2008},
}

@manual{hassibi,
	Author = {Hassib, Stork},
	Title = {Computational Neural Networks for Geophysical Data Processing},
	Year = {1993},
}




@misc{queen,
	title = {University of Queensland},
	howpublished = {https://qbi.uq.edu.au/brain/brain-anatomy/lobes-brain},
	note = {Accessado: 2017-06-20},
	year = {2017},
}

@misc{tensor,
	title = {Tensorflow},
	howpublished = {http://playground.tensorflow.org/},
	note = {Accessado: 2017-06-20},
	year = {2017},
}





@misc{penn,
	title = {Pennstate},
	howpublished = {https://online.science.psu.edu},
	note = {Accessado: 2017-06-20},
	year = {2017},
}

@manual{marilee,
	Author = {Marilee Sprenger},
	Title = {Learning and Memory: The Brain in Action},
	Year = {1999},
}

@manual{levine,
	Author = {Daniel S. Levine},
	Title = {Introduction to Neural Cognitive Modeling},
	Year = {2000},
}


@manual{baresa,
	Author = {Baresa},
	Title = {Strategy of Stock Valuation by Fundamental Analysis},
	Year = {2013},
}

@manual{kumar,
	Author = {Kumar},
	Title = {Importance of Technical and Fundamental Analysis and Other Strategic Factors in the indian Stock Market},
	Year = {2013},
}

@manual{tau,
	Author = {Taulbee},
	Title = {Influences on the Stock Market},
	Year = {2001},
}


@manual{gil,
	Author = {Antonio Carlos Gil},
	Title = {Métodos e Técnicas de Pesquisa Social},
	Year = {2008},
	Address = {São Paulo, Brasil},
}

@manual{yin,
	Author = {Robert K. Yin},
	Title = {Estudo de caso: planejamento e método},
	Year = {2005},
	Address = {Porto Alegre, Brasil},
}


@manual{thiollent,
	Author = {Michel Thiollent},
	Title = {Metodologia da Pesquisa - Ação},
	Year = {1986},
	Address = {São Paulo, Brasil},
}

@manual{cervo,
	Author = {Cervo},
	Author = {Bervian e da Silva},
	Title = {Metodologia Científica},
	Year = {2005},
	Address = {São Paulo, Brasil},
}

@manual{taylor,
	Author = {Mark P. Taylor},
	Title = {Journal of International Money and Finance},
	Year = {1992},
}

@manual{werner,
	Author = {Werner De Bondt},
	Title = {The Journal of Finance},
	Year = {1985},
}

@manual{allen,
	Author = {Allen},
	Title = {The Use of Technical Analysis in the Foreign Exchange Market},
	Year = {1985},
}


@manual{gross,
	Author = {Charles G. Gross},
	Title = {Brain, Vision, Memory: Tales in the History of Neuroscience},
	Year = {1999},
}

@manual{yann,
	Author = {Yann LeCunn},
	Title = {Deep Learning},
	Year = {2015},
}

@manual{kandel,
	Author = {Kandel},
	Title = {Principles of Neuroscience},
	Year = {2000},
}

@manual{jaeger,
	Author = {Herbert Jeger},
	Title = {The “echo state” approach to analysing and
training recurrent neural networks},
	Year = {2010},
}

@manual{maria,
	Author = {Maria Cristina Marcuzzo},
	Title = {Monetary Standards and Exchange Rates},
	Year = {1997},
}

@manual{einzig,
	Author = {Paul Einzig},
	Title = {The History of Foreign Exchange},
	Year = {1962},
}

@manual{anthony,
	Author = {Steve Anthony},
	Title = {Foreign Exchange in Practice: The New Environment},
	Year = {2003},
}

@manual{grosse,
	Author = {Robert E. Grosse},
	Title = {Foreign Exchange Black Markets in Latin America},
	Year = {1994},
}

@manual{inmetro2003,
	Author = {INMETRO},
	Title = {Vocabulário internacional de termos fundamentais e gerais de
	metrologia},
	Year = {2013},
	Address = {Rio de Janeiro, Brasil},
	Pages = {75},
	isbn = {85-87090-90-9},
}

@inproceedings{soviero1997,
	Author = {P. A. O. Soviero and L. G. M. Lavagna},
	Title = {A Numerical Model for Thin Airfoils in Unsteady Motion},
	Year = {1997},
	Pages = {332-340},
	Volume = {19},
	Number = {3},
	Booktitle = {Journal of the Brazilian Societyt Mechanical Sciences},
}

@inproceedings{sparrow1980,
	Author = {E. M. Sparrow},
	Title = {Forced Convection Heat Transfer in a Duct Having Spanwise-Periodic
	Rectangular Protuberances},
	Year = {1980},
	Pages = {149-167},
	Volume = {3},
	Booktitle = {Numerical Heat Transfer},
}

@article{clark1986,
	Author = {J. A. Clark},
	Title = {Private Communication},
	Year = {1986},
	Address = {University of Michigan},
}

@article{arruda2007,
	Author = {M. B. B. Arruda},
	Title = {Como fazer referências: bibliográficas, eletrônicas e demais
	formas de documentos},
	Year = {2007},
	Url = {http://bu.ufsc.br/framerefer.html}
}

@article{coimbra1978,
	Author = {A. L. Coimbra},
	Title = {Lessons of Continuum Mechanics},
	Year = {1978},
	Address = {São Paulo, Brazil},
	Pages = {428},
	Editor = {Edgard Blücher},
}

@inproceedings{bordalo1989,
	Author = {S. N. Bordalo and J. H. Ferziger and S. J. Kline},
	Title = {The Development of Zonal Models for Turbulence},
	Year = {1989},
	Pages = {41-44},
	Booktitle = {Proceedings of the 10th Brazilian Congress of Mechanical
	Engineering},
	Volume = {1},
}

@manual{NBR14724:2011,
	Address = {Rio de Janeiro},
	Date-Added = {2012-12-15 20:34:08 +0000},
	Date-Modified = {2012-12-15 20:35:25 +0000},
	Month = mar,
	Org-Short = {ABNT},
	Organization = {Associa{\c c}\~ao Brasileira de Normas T\'ecnicas},
	Pages = 15,
	Subtitle = {Informa{\c c}\~ao e documenta{\c c}\~ao --- trabalhos acad\^emicos --- apresenta{\c c}\~ao},
	Title = {{NBR} 14724},
	Year = 2011
}

@manual{NBR6034:2000,
	Address = {Rio de Janeiro},
	Org-Short = {ABNT},
	Organization = {Associa{\c c}\~ao Brasileira de Normas T\'ecnicas},
	Subtitle = {Informa{\c c}\~ao e documenta{\c c}\~ao --- Referências},
	Title = {{NBR} 14724},
	Year = 2000
}
